<?xml version="1.0" encoding="UTF-8"?><collection xmlns="http://www.loc.gov/MARC21/slim"><record><leader>00563nam--2200193-i-4500</leader><controlfield tag="001">000022986</controlfield><controlfield tag="002">20161230</controlfield><controlfield tag="005">20161230201034</controlfield><controlfield tag="008">060222s1000------------r-----000-0-eng-d</controlfield><datafield ind1=" " ind2=" " tag="040"><subfield code="a">IFIN-HH</subfield></datafield><datafield ind1=" " ind2=" " tag="080"><subfield code="a">539143.43</subfield></datafield><datafield ind1="1" ind2=" " tag="100"><subfield code="a">Lynden-bell, Ruth M</subfield></datafield><datafield ind1="1" ind2="0" tag="245"><subfield code="a">Nuclear magnetic resonance spectroscopy</subfield><subfield code="c">Ruth m. lynden-bell, robin k. harris</subfield></datafield><datafield ind1=" " ind2=" " tag="260"><subfield code="a">London</subfield><subfield code="b">Thomas Nelson And Sons Ltd</subfield><subfield code="c">1969</subfield></datafield><datafield ind1=" " ind2=" " tag="300"><subfield code="a">VIII + 160 P</subfield></datafield><datafield ind1=" " ind2=" " tag="490"><subfield code="a">Studies In Modern Chemistry</subfield></datafield><datafield ind1="1" ind2=" " tag="700"><subfield code="a">Harris, Robin K</subfield></datafield><datafield ind1=" " ind2=" " tag="852"><subfield code="a">33105</subfield><subfield code="c">539.143.43</subfield></datafield><datafield ind1=" " ind2=" " tag="CAT"><subfield code="a">Sys</subfield><subfield code="c">20120507</subfield><subfield code="h">093626</subfield></datafield></record></collection>